@inproceedings{ishakian12framework,
  author    = {Vatche Ishakian and
               D{\'{o}}ra Erd{\"{o}}s and
               Evimaria Terzi and
               Azer Bestavros},
  title     = {A Framework for the Evaluation and Management of Network Centrality},
  booktitle = { {SDM} },
  pages     = {427--438},
  year      = {2012}
  }


@article{riondato16fast,
  author    = {Matteo Riondato and
               Evgenios M. Kornaropoulos},
  title     = {Fast approximation of betweenness centrality through sampling},
  journal   = {Data Min. Knowl. Discov.},
  volume    = {30},
  number    = {2},
  pages     = {438--475},
  year      = {2016}
}



@inproceedings{erdos15divide,
  author    = {D{\'{o}}ra Erd{\"{o}}s and
               Vatche Ishakian and
               Azer Bestavros and
               Evimaria Terzi},
  title     = {A Divide-and-Conquer Algorithm for Betweenness Centrality},
  booktitle = {{SDM} },
  pages     = {433--441},
  year      = {2015}
}


@inproceedings{gionis13maximizing,
  author    = {Aristides Gionis and
               Evimaria Terzi and
               Panayiotis Tsaparas},
  title     = {Opinion Maximization in Social Networks},
  booktitle = {{SDM}},
  pages     = {387--395},
  year      = {2013}
}


@article{brandes01faster,
author = {Ulrik Brandes}, 
title ={A faster algorithm for betweenness centrality},
journal = {Journal of Mathematical Sociology}, 
volume = 25,
number = 2,
year = 2001
}

@inproceedings{brandes05centrality,
  author    = {Ulrik Brandes and
               Daniel Fleischer},
  title     = {Centrality Measures Based on Current Flow},
  booktitle = {{STACS} },
  pages     = {533--544},
  year      = {2005}
}

%% outbreak detection

@inproceedings{leskovec2007cost,
  title={Cost-effective outbreak detection in networks},
  author={Leskovec, Jure and Krause, Andreas and Guestrin, Carlos and Faloutsos, Christos and VanBriesen, Jeanne and Glance, Natalie},
  booktitle={ACM SIGKDD},
  pages={420--429},
  year={2007}
}


%% influence

% \cite{Kempe:2003, goyal2011simpath, Tang:2014, ohsaka2014fast,
	borgs2014maximizing, galhotra2015asim}

@inproceedings{Kempe:2003,
author = {Kempe, David and Kleinberg, Jon and Tardos, {\'E}va},
title = {{Maximizing the spread of influence through a social network}},
booktitle = {ACM SIGKDD},
year = {2003},
pages = {137}
}

@inproceedings{goyal2011simpath,
  title={Simpath: An efficient algorithm for influence maximization under the linear threshold model},
  author={Goyal, Amit and Lu, Wei and Lakshmanan, Laks VS},
  booktitle={ICDM},
  pages={211--220},
  year={2011}
}

@inproceedings{Tang:2014,
author = {Tang, Youze and Xiao, Xiaokui and Shi, Yanchen},
title = {{Influence Maximization: Near-Optimal Time Complexity
Meets Practical Efficiency}},
booktitle = {ACM SIGMOD},
year = {2014}
}

@inproceedings{ohsaka2014fast,
  title={Fast and Accurate Influence Maximization on Large Networks with Pruned Monte-Carlo Simulations.},
  author={Ohsaka, Naoto and Akiba, Takuya and Yoshida, Yuichi and Kawarabayashi, Ken-ichi},
  booktitle={AAAI},
  pages={138--144},
  year={2014}
}

@inproceedings{borgs2014maximizing,
  title={Maximizing social influence in nearly optimal time},
  author={Borgs, Christian and Brautbar, Michael and Chayes, Jennifer and Lucier, Brendan},
  booktitle={SODA},
  pages={946--957},
  year={2014}
}


@inproceedings{galhotra2015asim,
  title={Asim: A scalable algorithm for influence maximization under the independent cascade model},
  author={Galhotra, Sainyam and Arora, Akhil and Virinchi, Srinivas and Roy, Shourya},
  booktitle={WWW},
  pages={35--36},
  year={2015}
}


@article{Mathioudakis:2011,
author = {Mathioudakis, Michael and Bonchi, Francesco and Castillo, Carlos and Gionis, Aristides and Ukkonen, Antti},
title = {{Sparsification of influence networks.}},
journal = {ACM SIGKDD},
year = {2011}
}

@article{freeman1978closenesscentrality,
  title={Centrality in social networks conceptual clarification},
  author={Freeman, Linton C},
  journal={Social networks},
  volume={1},
  number={3},
  pages={215--239},
  year={1978},
  publisher={Elsevier}
}

%% random walk centralities

@article{Mavroforakis:2015,
author = {Mavroforakis, Charalampos and Mathioudakis, Michael and Gionis, Aristides},
title = {{Absorbing Random-Walk Centrality - Theory and Algorithms.}},
journal = {ICDM},
year = {2015}
}

@techreport{pagerank1999,
  title={The PageRank citation ranking: Bringing order to the web.},
  author={Page, Lawrence and Brin, Sergey and Motwani, Rajeev and Winograd, Terry},
  year={1999},
  institution={Stanford InfoLab}
}

%% other
@book{gallager2012discrete,
  title={Discrete stochastic processes},
  author={Gallager, Robert G},
  volume={321},
  year={2012},
  publisher={Springer Science \& Business Media}
}

%% Datasets
@misc{snapnets,
  author       = {Jure Leskovec and Andrej Krevl},
  title        = {{SNAP Datasets}: {Stanford} Large Network Dataset Collection},
  howpublished = {http://snap.stanford.edu/data},
  month        = jun,
  year         = 2014
}

@inproceedings{gionis2015bump,
  title={Bump hunting in the dark: Local discrepancy maximization on graphs},
  author={Gionis, Aristides and Mathioudakis, Michael and Ukkonen, Antti},
  booktitle={Data Engineering (ICDE), 2015 IEEE 31st International Conference on Data Engineering},
  pages={1155--1166},
  year={2015},
  organization={IEEE}
}

@article{newman2005measure,
  title={A measure of betweenness centrality based on random walks},
  author={Newman, Mark EJ},
  journal={Social networks},
  volume={27},
  number={1},
  pages={39--54},
  year={2005},
  publisher={Elsevier}
}

@article{sabidussi1966centrality,
  title={The centrality index of a graph},
  author={Sabidussi, Gert},
  journal={Psychometrika},
  volume={31},
  number={4},
  pages={581--603},
  year={1966},
  publisher={Springer}
}
